@book{Yuksel_Basar_2024, author={Yüksel, Serdar and Başar, Tamer}, title={Stochastic Teams, Games, and Control under Information Constraints}, year={2024}, publisher={Birkhäuser Cham}, isbn={9783031540707}, doi={https://doi.org/10.1007/978-3-031-54071-4} }
@book{Rudin_1976, author={Rudin, Walter}, title={Principles of mathematical analysis}, year={1976}, publisher={McGraw-Hill}, address={Singapore} }