@book{Yuksel_Basar_2024, author={Yüksel, Serdar and Başar, Tamer}, title={Stochastic Teams, Games, and Control under Information Constraints}, year={2024}, publisher={Birkhäuser Cham}, isbn={9783031540707}, doi={https://doi.org/10.1007/978-3-031-54071-4} }
@book{Rudin_1976, author={Rudin, Walter}, title={Principles of mathematical analysis}, year={1976}, publisher={McGraw-Hill}, address={Singapore} }
@book{Eisner_etal_2015, author={Eisner, Tanja and B\'alint, Farkas and Haase, Markus and Nagel, Rainer}, title={Operator theoretic aspects of ergodic theory}, year={2015}, publisher={Springer Cham}, isbn={978-3-319-16897-5}, doi={https://doi.org/10.1007/978-3-319-16898-2} }
@book{Reed_Simon_1980, author={Reed, Michel and Simon, Barry}, title={Methods of modern mathematical physics I: Funtional analysis}, year={1980}, publisher={Academic Press, Inc.}, address={San Diego, CA}}
@article{Neumann_1932, title={Proof of the Quasi-Ergodic Hypothesis}, volume={18}, DOI={10.1073/pnas.18.1.70}, number={1}, journal={Proceedings of the National Academy of Sciences}, publisher={Proceedings of the National Academy of Sciences}, author={Neumann, J. v.}, year={1932}, month=jan, pages={70–82} }
@book{Weber_2009, title={Dynamical systems and processes}, author={Weber, Michel}, year={2009}, publisher={European Mathematical Society}, address={Z\"urich, Switzerland}}
@article{Wiener_Wintner_1941, title={Harmonic Analysis and Ergodic Theory}, volume={63}, ISSN={0002-9327}, DOI={10.2307/2371534}, number={2}, journal={American Journal of Mathematics}, publisher={Johns Hopkins University Press}, author={Wiener, Norbert and Wintner, Aurel}, year={1941}, pages={415–426} }
@book{Assani_2003, title={Wiener Wintner ergodic theorems}, author={Assani, Idris}, year={2003}, publisher={World Scientific Publishing Co.}, address={Singapore}}
@article{Fan_1946, title={On Positive Definite Sequences}, volume={47}, ISSN={0003-486X}, DOI={10.2307/1969095}, number={3}, journal={Annals of Mathematics}, publisher={[Annals of Mathematics, Trustees of Princeton University on Behalf of the Annals of Mathematics, Mathematics Department, Princeton University]}, author={Fan, Ky}, year={1946}, pages={593–607} }

