@book{Eisner_Farkas_Haase_Nagel_2015, address={Cham}, series={Graduate Texts in Mathematics}, title={Operator Theoretic Aspects of Ergodic Theory}, volume={272}, rights={https://www.springernature.com/gp/researchers/text-and-data-mining}, ISBN={978-3-319-16897-5}, url={https://link.springer.com/10.1007/978-3-319-16898-2}, DOI={10.1007/978-3-319-16898-2}, publisher={Springer International Publishing}, author={Eisner, Tanja and Farkas, Bálint and Haase, Markus and Nagel, Rainer}, year={2015}, collection={Graduate Texts in Mathematics}, language={en} }
@inbook{Hasenöhrl_Boltzmann_2012, author={Boltzmann, Ludwig}, address={Cambridge}, series={Cambridge Library Collection - Physical  Sciences}, title={Über die Eigenschaften monozyklischer und anderer damit verwandter Systeme}, volume={3}, ISBN={978-1-108-05281-8}, url={https://www.cambridge.org/core/books/wissenschaftliche-abhandlungen/uber-die-eigenschaften-monozyklischer-und-anderer-damit-verwandter-systeme/F66D56EDF1B20E44C1AE533DE3A6F9E3}, DOI={10.1017/CBO9781139381444.009}, booktitle={Wissenschaftliche Abhandlungen}, publisher={Cambridge University Press}, year={2012}, pages={122–152}, collection={Cambridge Library Collection - Physical  Sciences} }
@article{Boltzmann_2019, title={On the Properties of Monocyclic Systems, and others related to them}, url={http://arxiv.org/abs/1906.09221}, DOI={10.48550/arXiv.1906.09221}, abstractNote={Translation of Ludwig Boltzmann’s paper " “Uber die Eigenschaften monozyklischer und anderer damit verwandter Systeme” Crelles Journal 98. S. 68-94. 1884 u. 1885 from German into English. In this foundational paper Boltzmann introduced two key concepts into statistical mechanics. The first is the statistical ensemble. This includes what are now known as the micro-canonical and canonical ensembles, albeit under different names. The second is the concept of ergodic systems, or ergodicity, which has played an important if contentious part in the foundations of statistical mechanics.}, note={arXiv:1906.09221}, journal={preprint}, number={arXiv:1906.09221}, publisher={arXiv}, author={Boltzmann, Ludwig}, year={2019}, month=jun }
@article{Neumann_1932, title={Proof of the Quasi-Ergodic Hypothesis}, volume={18}, DOI={10.1073/pnas.18.1.70}, number={1}, journal={Proceedings of the National Academy of Sciences}, publisher={Proceedings of the National Academy of Sciences}, author={Neumann, J. v.}, year={1932}, month=jan, pages={70–82} }
@article{Birkhoff_1931, title={Proof of the Ergodic Theorem}, volume={17}, DOI={10.1073/pnas.17.2.656}, number={12}, journal={Proceedings of the National Academy of Sciences}, publisher={Proceedings of the National Academy of Sciences}, author={Birkhoff, George D.}, year={1931}, month=dec, pages={656–660} }
@book{Meyn_Tweedie_1993, address={London}, title={Markov Chains and Stochastic Stability}, rights={http://www.springer.com/tdm}, ISBN={978-1-4471-3269-1}, url={http://link.springer.com/10.1007/978-1-4471-3267-7}, DOI={10.1007/978-1-4471-3267-7}, publisher={Springer}, author={Meyn, Sean P. and Tweedie, Richard L.}, year={1993} }
@article{Furstenberg_1977, title={Ergodic behavior of diagonal measures and a theorem of Szemerédi on arithmetic progressions}, volume={31}, ISSN={1565-8538}, DOI={10.1007/BF02813304}, number={1}, journal={Journal d’Analyse Mathématique}, author={Furstenberg, Harry}, year={1977}, month=dec, pages={204–256}, language={en} }
@book{Furstenberg_1981, title={Recurrence in Ergodic Theory and Combinatorial Number Theory}, url={https://www.jstor.org/stable/j.ctt7zv9zv}, abstractNote={Topological dynamics and ergodic theory usually have been treated independently. H. Furstenberg, instead, develops the common ground between them by applying the modern theory of dynamical systems to combinatories and number theory.  Originally published in 1981.  ThePrinceton Legacy Libraryuses the latest print-on-demand technology to again make available previously out-of-print books from the distinguished backlist of Princeton University Press. These paperback editions preserve the original texts of these important books while presenting them in durable paperback editions. The goal of the Princeton Legacy Library is to vastly increase access to the rich scholarly heritage found in the thousands of books published by Princeton University Press since its founding in 1905.}, publisher={Princeton University Press}, author={Furstenberg, Harry}, year={1981} }
@article{Gorodnik_Nevo_2015, title={Quantitative ergodic theorems and their number-theoretic applications}, volume={52}, ISSN={0273-0979, 1088-9485}, DOI={10.1090/S0273-0979-2014-01462-4}, abstractNote={Advancing research. Creating connections.}, number={1}, journal={Bulletin of the American Mathematical Society}, author={Gorodnik, Alexander and Nevo, Amos}, year={2015}, month=jan, pages={65–113}, language={en} }
@article{Green_Tao_2008, title={The Primes Contain Arbitrarily Long Arithmetic Progressions}, volume={167}, ISSN={0003-486X}, abstractNote={We prove that there are arbitrarily long arithmetic progressions of primes. There are three major ingredients. The first is Szemerédi’s theorem, which asserts that any subset of the integers of positive density contains progressions of arbitrary length. The second, which is the main new ingredient of this paper, is a certain transference principle. This allows us to deduce from Szemerédi’s theorem that any subset of a sufficiently pseudorandom set (or measure) of positive relative density contains progressions of arbitrary length. The third ingredient is a recent result of Goldston and Yildinm, which we reproduce here. Using this, one may place (a large fraction of) the primes inside a pseudorandom set of “almost primes” (or more precisely, a pseudorandom measure concentrated on almost primes) with positive relative density.}, number={2}, journal={Annals of Mathematics}, publisher={Annals of Mathematics}, author={Green, Ben and Tao, Terence}, year={2008}, pages={481–547} }
@book{Reed_Simon_1972, title={Methods of Modern Mathematical Physics I: Functional Analysis}, author={Reed, Michael and Simon, Barry}, publisher={Academic Press}, address={New York-London}, year={1972}}
@article{Plancherel_1913, title={Beweis der Unmöglichkeit ergodischer mechanischer Systeme}, volume={347}, rights={Copyright © 1913 WILEY-VCH Verlag GmbH & Co. KGaA, Weinheim}, ISSN={1521-3889}, DOI={10.1002/andp.19133471509}, number={15}, journal={Annalen der Physik}, author={Plancherel, M.}, year={1913}, pages={1061–1063}, language={en} }
@article{Rosenthal_1913, title={Beweis der Unmöglichkeit ergodischer Gassysteme}, volume={347}, rights={Copyright © 1913 WILEY-VCH Verlag GmbH & Co. KGaA, Weinheim}, ISSN={1521-3889}, DOI={10.1002/andp.19133471407}, number={14}, journal={Annalen der Physik}, author={Rosenthal, Artur}, year={1913}, pages={796–806}, language={en} }
@inbook{Ehrenfest_Ehrenfest_1912, address={Wiesbaden}, title={Begriffliche Grundlagen der Statistischen Auffassung in der Mechanik}, ISBN={978-3-663-16028-1}, url={https://doi.org/10.1007/978-3-663-16028-1_11}, DOI={10.1007/978-3-663-16028-1_11}, abstractNote={Der vorliegende Artikel steht in enger Beziehung zu V 8: L. Boltzmann und J. Nabl (Kinetische Theorie der Materie): Beide Artikel beschäftigen sich mit der Anwendung der Methoden der Wahrscheinlichkeitsrechnung auf das Studium der Bewegungen eines Molekülsystems. Während sich aber V 8 vornehmlich den physikalischen Resultaten zuwendet, handelt es sich hier um die begrifflichen Grundlagen des Verfahrens.}, booktitle={Mechanik}, publisher={Vieweg+Teubner Verlag}, author={Ehrenfest, P. and Ehrenfest, T.}, editor={Klein, Felix and Müller, Conr.}, year={1912}, pages={773–860}, language={de} }
@book{Weber_2000, address={Z\"urich, Switzerland}, year={2000}, publisher={European Mathematical Society}, author={Weber, Michel}, title={Dynamical Systems and Processes}}
@book{Koralov_Sinai_2007, author={Koralov, Leonid and Sinai, Yakov}, year={2007}, title={Theory of Probability and Random Processes}, publisher={Springer Berlin, Heidelberg}}
@article{Fan_1946, title={On Positive Definite Sequences}, volume={47}, ISSN={0003-486X}, DOI={10.2307/1969095}, number={3}, journal={Annals of Mathematics}, publisher={[Annals of Mathematics, Trustees of Princeton University on Behalf of the Annals of Mathematics, Mathematics Department, Princeton University]}, author={Fan, Ky}, year={1946}, pages={593–607} }



